@misc{iOS,
  key = {apple},
  title = {Documentation en iOS},
  note = {\url{https://developer.apple.com/documentation/}}
}
@misc{xCode,
  key = {xCode},
  title = {Pour télécharger xCode 11},
  note = {\url{https://developer.apple.com/xcode/}}
}
@misc{AndroidStudio,
  key = {AndroidStudio},
  title = {Documentation sur Android Studio},
  note = {\url{https://developer.android.com/docs/}}
}
@misc{Son,
  key = {son},
  title = {Pour le son de balle et explosion},
  note = {\url{https://www.sound-fishing.net/bruitages_arme-et-explosion.html}}
}

@misc{Overleaf,
  key = {Overleaf},
  title = {Rédaction de la présentation et rapport},
  note = {\url{https://overleaf.com}}
}
@misc{Github,
  key = {Github},
  title = {Documentation sur les capteurs iOS},
  note = {\url{https://github.com/}}
}
@misc{Githubd,
  key = {Githubd},
  title = {Dépôt de la présentation, rapport et projet},
  note = {\url{https://github.com/HRandi/FlyBirds}}
}
@misc{Stackoverflow,
  key = {stackoverflow},
  title = {Consultation de forum d'aide en android},
  note = {\url{https://stackoverflow.com/users/878126/android-developer}}
}
@misc{Youtube,
  key = {youtube},
  title = {Utilisation de camera iOS},
  note = {\url{https://www.youtube.com/watch?v=-O8WBZNIAN8}}
}

@misc{GooglemapsiOS,
  key = {googlemap},
  title = {Documentation sur la géolocalisation},
  note = {\url{https://developers.google.com/maps/documentation/ios-sdk/intro}}
}
@misc{OpenClassroom,
  key = {OpenClassroom},
  title = {Consultation d'aides},
  note = {\url{https://www.OpenClassroom.com/}}
}
@misc{image,
  key = {image},
  title = {Téléchargement des images utilisés},
  note = {\url{https://www.google.com/}}
}

@misc{Cours,
  key = {moodle},
  title = {Consultation des cours, TD et correction TP},
  note = {\url{https://moodle.univ-reunion.fr/course/view.php?id=785}}
}
@misc{Spritekit,
  key = {Spritekit},
  title = {Documentation spritekit},
  note = {\url{https://www.raywenderlich.com/71-spritekit-tutorial-for-beginners}}
}
@misc{Icon,
  key = {Icon},
  title = {Téléchargement des icônes utilisés dans le jeu},
  note = {\url{https://www.uihere.com/free-cliparts/blue-flappy-bird-sprite-bird-6348661}}
}



